<record><leader>00000cas a2200000 a 4500</leader><controlfield tag="001">70245582</controlfield><controlfield tag="007">hd afb---baca</controlfield><controlfield tag="008">060705d19441945nyumn nea     0    0eng c</controlfield><datafield ind1=" " ind2=" " tag="010"><subfield code="a">  2006223158</subfield></datafield><datafield ind1=" " ind2=" " tag="040"><subfield code="a">CLU</subfield><subfield code="b">eng</subfield><subfield code="c">CLU</subfield><subfield code="d">OCLCQ</subfield><subfield code="d">OCLCF</subfield><subfield code="d">OCL</subfield><subfield code="d">OCLCO</subfield></datafield><datafield ind1="1" ind2=" " tag="029"><subfield code="a">AU@</subfield><subfield code="b">000026314753</subfield></datafield><datafield ind1=" " ind2=" " tag="042"><subfield code="a">pcc</subfield></datafield><datafield ind1="1" ind2="4" tag="050"><subfield code="a">ML3505.8</subfield><subfield code="b">.N44</subfield></datafield><datafield ind1="0" ind2="4" tag="245"><subfield code="a">The needle</subfield><subfield code="h">[microform] :</subfield><subfield code="b">record collectors' guide.</subfield></datafield><datafield ind1=" " ind2=" " tag="260"><subfield code="a">Jackson Heights, N.Y. :</subfield><subfield code="b">Robert Reynolds,</subfield><subfield code="c">1944-1945.</subfield></datafield><datafield ind1=" " ind2=" " tag="300"><subfield code="a">v. :</subfield><subfield code="b">ill.</subfield></datafield><datafield ind1=" " ind2=" " tag="310"><subfield code="a">Monthly (irregular)</subfield></datafield><datafield ind1="0" ind2=" " tag="362"><subfield code="a">Vol. 1, no. 1 (June 1944)-v. 2, no. 1 ([Jan.?] 1945).</subfield></datafield><datafield ind1=" " ind2=" " tag="500"><subfield code="a">Title from cover.</subfield></datafield><datafield ind1=" " ind2=" " tag="515"><subfield code="a">Issue for Sept. 1944 incorrectly called v. 1, no. 2 but constitutes v. 1, no. 3.</subfield></datafield><datafield ind1=" " ind2=" " tag="515"><subfield code="a">Vol. 2, no. 1 (1945), also called: African series.</subfield></datafield><datafield ind1=" " ind2=" " tag="533"><subfield code="a">Microfilm.</subfield><subfield code="m">v.1-2 (1944-1945)</subfield><subfield code="b">Westport, Conn. :</subfield><subfield code="c">Greenwood Press,</subfield><subfield code="d">1977.</subfield><subfield code="e">on 1 microfilm reel with other items ; 35 mm.</subfield><subfield code="f">(Jazz periodicals 1914-1977).</subfield></datafield><datafield ind1=" " ind2=" " tag="539"><subfield code="a">d</subfield><subfield code="b">1944</subfield><subfield code="c">1945</subfield><subfield code="d">nyu</subfield><subfield code="e">m</subfield><subfield code="f">n</subfield><subfield code="g">a</subfield></datafield><datafield ind1=" " ind2="0" tag="650"><subfield code="a">Jazz</subfield><subfield code="v">Periodicals.</subfield></datafield><datafield ind1=" " ind2="0" tag="650"><subfield code="a">Jazz</subfield><subfield code="v">Discography</subfield><subfield code="v">Periodicals.</subfield></datafield><datafield ind1=" " ind2="7" tag="650"><subfield code="a">Jazz.</subfield><subfield code="2">fast</subfield><subfield code="0">(OCoLC)fst00982165</subfield></datafield><datafield ind1=" " ind2="7" tag="655"><subfield code="a">Discographies.</subfield><subfield code="2">fast</subfield><subfield code="0">(OCoLC)fst01423883</subfield></datafield><datafield ind1=" " ind2="7" tag="655"><subfield code="a">Periodicals.</subfield><subfield code="2">fast</subfield><subfield code="0">(OCoLC)fst01411641</subfield></datafield><datafield ind1="1" ind2=" " tag="700"><subfield code="a">Reynolds, Robert.</subfield></datafield><datafield ind1="1" ind2=" " tag="776"><subfield code="c">Original</subfield><subfield code="w">(OCoLC)32517019</subfield></datafield></record>